@inproceedings{al2008moodle,
  title={Why moodle},
  author={Al-Ajlan, Ajlan and Zedan, Hussein},
  booktitle={2008 12th IEEE International Workshop on Future Trends of Distributed Computing Systems},
  year={2008},
  organization={IEEE}
}

@article{alvarez2002design,
  title={Design and implementation of a course scheduling system using tabu search},
  author={Alvarez-Valdes, Ramon and Crespo, Enric and Tamarit, Jose M},
  journal={European Journal of Operational Research},
  year={2002},
  publisher={Elsevier}
}

@inproceedings{carter1998recent,
  title={Recent developments in practical course timetabling},
  author={Carter, Michael W and Laporte, Gilbert},
  booktitle={international conference on the practice and theory of automated timetabling},
  year={1998},
  organization={Springer}
}

@book{topping1998peer,
  title={Peer-assisted learning},
  author={Topping, Keith and Ehly, Stewart},
  year={1998},
  publisher={Routledge}
}

@inproceedings{sudarsana2019use,
  title={The use of Google classroom in the learning process},
  author={Sudarsana, I Ketut and Putra, Ida Bagus Made Anggara and Astawa, I Nyoman Temon and Yogantara, I Wayan Lali},
  booktitle={Journal of Physics: Conference Series},
  year={2019},
  organization={IOP Publishing}
}